% Own Work =====================================================================

@unpublished{aco-gvbp,
author="Karnati, Sreenivas and Khan, Arindam and Sharma, Eklavya",
title="Geometry Meets Vectors: Approximation Algorithms for Multidimensional Packing",
note="Manuscript",
month=dec,
year=2020
}

@misc{eku-hdhk,
title={Harmonic algorithms for packing {$d$-dimensional} cuboids into bins},
author={Sharma, Eklavya},
year={2020},
eprint={2011.10963},
archivePrefix={arXiv},
primaryClass={cs.CG}
}

@misc{eku-pst,
title={An Approximation Algorithm for Covering Linear Programs and its Application to Bin-Packing},
author={Sharma, Eklavya},
year={2020},
eprint={2011.11268},
archivePrefix={arXiv},
primaryClass={cs.DS}
}

@misc{eku-harmonic,
title={Analysis of the Harmonic Function Used in Bin-Packing},
author={Sharma, Eklavya},
year={2020},
eprint={2011.11618},
archivePrefix={arXiv},
primaryClass={cs.DS}
}

% 1BP ==========================================================================

@incollection{handbook-of-combinopt-bp,
author={Coffman, Edward G. and Csirik, J{\'a}nos and Galambos, G{\'a}bor
    and Martello, Silvano and Vigo, Daniele},
title={Bin Packing Approximation Algorithms: Survey and Classification},
booktitle={Handbook of combinatorial optimization},
year={2013},
publisher={Springer},
doi={10.1007/978-1-4419-7997-1_35}
}

@inproceedings{dosa2013first,
title={First Fit bin packing: A tight analysis},
author={D{\'o}sa, Gy{\"o}rgy and Sgall, Jir{\'\i}},
booktitle={30th International Symposium on Theoretical Aspects of Computer Science (STACS 2013)},
year={2013},
organization={Schloss Dagstuhl-Leibniz-Zentrum fuer Informatik},
doi={10.4230/LIPIcs.STACS.2013.538}
}

@inproceedings{dosa2007tight,
  title={The tight bound of first fit decreasing bin-packing algorithm is
  {$\operatorname{FFD}(I) \le 11/9 \operatorname{OPT}(I)+ 6/9$}},
author={D{\'o}sa, Gy{\"o}rgy},
booktitle={International Symposium on Combinatorics, Algorithms, Probabilistic and Experimental Methodologies},
pages={1--11},
year={2007},
organization={Springer},
doi={10.1007/978-3-540-74450-4_1}
}

@article{leelee,
author = {Lee, C. C. and Lee, D. T.},
title = {A Simple On-Line Bin-Packing Algorithm},
year = {1985},
issue_date = {July 1985},
publisher = {Association for Computing Machinery},
address = {New York, NY, USA},
volume = {32},
number = {3},
issn = {0004-5411},
doi = {10.1145/3828.3833},
journal = {J. ACM},
month = jul,
pages = {562â€“572},
numpages = {11}
}

% 2D Geometric BP ==============================================================

@InProceedings{bansal2014binpacking,
Title = {Improved Approximation Algorithm for Two-Dimensional Bin Packing},
Author = {Bansal, Nikhil and Khan, Arindam},
Booktitle = {SODA},
Year = {2014},
Pages = {13--25},
doi = {10.1137/1.9781611973402.2}
}

@article{caprara2008,
author = {Caprara, Alberto},
year = {2008},
month = {02},
pages = {203-215},
title = {Packing {$d$}-Dimensional Bins in {$d$} Stages},
volume = {33},
journal = {Mathematics of Operations Research - MOR},
doi = {10.1287/moor.1070.0289}
}
